@Article{Kovary_2018,
  doi = {10.15252/msb.20177997},
  url = {https://doi.org/10.15252/msb.20177997},
  year = {2018},
  month = {may},
  publisher = {{EMBO}},
  volume = {14},
  number = {5},
  author = {Kyle M Kovary and Brooks Taylor and Michael L Zhao and Mary N Teruel},
  title = {Expression variation and covariation impair analog and enable binary signaling control},
  journal = {Molecular Systems Biology},
}
