@Article{Kovary_2018,
  doi = {10.15252/msb.20177997},
  url = {https://doi.org/10.15252/msb.20177997},
  year = {2018},
  month = {may},
  publisher = {{EMBO}},
  volume = {14},
  number = {5},
  author = {Kyle M Kovary and Brooks Taylor and Michael L Zhao and Mary N Teruel},
  title = {Expression variation and covariation impair analog and enable binary signaling control},
  journal = {Molecular Systems Biology},
}

@Article{Lalanne_2018,
  doi = {10.1016/j.cell.2018.03.007},
  url = {https://doi.org/10.1016/j.cell.2018.03.007},
  year = {2018},
  month = {apr},
  publisher = {Elsevier {BV}},
  volume = {173},
  number = {3},
  pages = {749--761.e38},
  author = {Jean-Beno\^\it Lalanne and James C. Taggart and Monica S. Guo and Lydia Herzel and Ariel Schieler and Gene-Wei Li},
  title = {Evolutionary Convergence of Pathway-Specific Enzyme Expression Stoichiometry},
  journal = {Cell},
}

@Article{Suderman_2017,
  doi = {10.1073/pnas.1615660114},
  url = {https://doi.org/10.1073/pnas.1615660114},
  year = {2017},
  month = {may},
  publisher = {Proceedings of the National Academy of Sciences},
  volume = {114},
  number = {22},
  pages = {5755--5760},
  author = {Ryan Suderman and John A. Bachman and Adam Smith and Peter K. Sorger and Eric J. Deeds},
  title = {Fundamental trade-offs between information flow in single cells and cellular populations},
  journal = {Proceedings of the National Academy of Sciences},
}

@Article{Taggart_2018,
  doi = {10.1016/j.cels.2018.11.003},
  url = {https://doi.org/10.1016/j.cels.2018.11.003},
  year = {2018},
  month = {dec},
  publisher = {Elsevier {BV}},
  volume = {7},
  number = {6},
  pages = {580--589.e4},
  author = {James C. Taggart and Gene-Wei Li},
  title = {Production of Protein-Complex Components Is Stoichiometric and Lacks General Feedback Regulation in Eukaryotes},
  journal = {Cell Systems},
}

@Article{Tsai_2014,
  doi = {10.1371/journal.pbio.1001788},
  url = {https://doi.org/10.1371/journal.pbio.1001788},
  year = {2014},
  month = {feb},
  publisher = {Public Library of Science ({PLoS})},
  volume = {12},
  number = {2},
  pages = {e1001788},
  author = {Tony Y.-C. Tsai and Julie A. Theriot and James E. Ferrell},
  editor = {Marc W. Kirschner},
  title = {Changes in Oscillatory Dynamics in the Cell Cycle of Early Xenopus laevis Embryos},
  journal = {{PLoS} Biology},
}
